@article{RFC1925,
  title={RFC1925:The Twelve Networking Truths},
  author={Callon, R.},
  url = {{http://tools.ietf.org/html/rfc1918}},
  year={1996}
}

@misc{EIA568,
	key={eia568},
	title={{Wikipedia: TIA/EIA-568}},
	url={{http://en.wikipedia.org/w/index.php?title=TIA/EIA-568&oldid=476665802}},
	year={2012}
}

@misc{EIA485,
	key={eia485},
	title={{Wikipedia(DE): TIA/EIA-485}},
	url={{http://de.wikipedia.org/w/index.php?title=EIA-485&oldid=98824166}},
	year={2012}
}

